% Encoding: UTF-8

@Article{Vermeulen1993,
  author    = {Vermeulen, Al and Chapman, Margaret},
  title     = {OON-SKI: an introduction},
  journal   = {Scientific Programming},
  year      = {1993},
  volume    = {2},
  number    = {4},
  pages     = {109--110},
  publisher = {Hindawi},
}

@InCollection{Arge1997,
  author    = {Arge, Erlend and Bruaset, Are Magnus and Calvin, Phillip B and Kanney, Joseph F and Langtangen, Hans Petter and Miller, Cass T},
  title     = {On the numerical efficiency of C++ in scientific computing},
  booktitle = {Numerical Methods and Software Tools in Industrial Mathematics},
  publisher = {Springer},
  year      = {1997},
  pages     = {91--118},
}

@Book{Barton1994,
  title     = {Scientific and Engineering C++: an introduction with advanced techniques and examples},
  publisher = {Addison-Wesley Longman Publishing Co., Inc.},
  year      = {1994},
  author    = {Barton, John J and Nackman, Lee R},
}

@TechReport{Mateev2000,
  author      = {Mateev, Nikolay and Pingali, Keshav and Stodghill, Paul},
  title       = {The Bernoulli Generic Matrix Library},
  institution = {Cornell University},
  year        = {2000},
}

@Article{Veldhuizen2000,
  author    = {Veldhuizen, Todd},
  title     = {Techniques for scientific C++},
  journal   = {Computer science technical report},
  year      = {2000},
  volume    = {542},
  pages     = {60},
  publisher = {Citeseer},
}

@Book{Edwards,
  title  = {mdspan : A Non-Owning Multidimensional Array Reference},
  author = {H. Carter Edwards and Bryce Adelstein Lelbach and Daniel Sunderland and David Hollman and Christian Trott and Mauro Bianco and Ben Sander and Athanasios Iliopoulos and John Michopoulos and Mark Hoemmen},
}

@Article{Chamberlain1998,
  author    = {Chamberlain, Bradford L and Choi, Sung-Eun and Lewis, E Christopher and Snyder, Lawrence and Weathersby, W Derrick and Lin, Calvin},
  title     = {The case for high-level parallel programming in ZPL},
  journal   = {Ieee computational science and engineering},
  year      = {1998},
  volume    = {5},
  number    = {3},
  pages     = {76--86},
  publisher = {IEEE},
}

@InProceedings{Ahmed2000,
  author       = {Ahmed, Nawaaz and Mateev, Nikolay and Pingali, Keshav},
  title        = {A framework for sparse matrix code synthesis from high-level specifications},
  booktitle    = {Proceedings of the 2000 ACM/IEEE conference on Supercomputing},
  year         = {2000},
  pages        = {58},
  organization = {IEEE Computer Society},
}

@Book{Niebler2018,
  title  = {The One Ranges Proposal},
  year   = {2018},
  author = {Eric Niebler and Casey Carter and Christopher Di Bella},
}

@InProceedings{Kennedy2007,
  author       = {Kennedy, Ken and Koelbel, Charles and Zima, Hans},
  title        = {The rise and fall of High Performance Fortran: an historical object lesson},
  booktitle    = {Proceedings of the third ACM SIGPLAN conference on History of programming languages},
  year         = {2007},
  pages        = {7--1},
  organization = {ACM},
}

@Article{Kennedy2011,
  author    = {Kennedy, Ken and Koelbel, Charles and Zima, Hans},
  title     = {The rise and fall of high performance Fortran},
  journal   = {Communications of the ACM},
  year      = {2011},
  volume    = {54},
  number    = {11},
  pages     = {74--82},
  publisher = {ACM},
}

@Book{Blackford1997,
  title     = {ScaLAPACK users' guide},
  publisher = {SIAM},
  year      = {1997},
  author    = {Blackford, L Susan and Choi, Jaeyoung and Cleary, Andy and D'Azevedo, Eduardo and Demmel, James and Dhillon, Inderjit and Dongarra, Jack and Hammarling, Sven and Henry, Greg and Petitet, Antoine and others},
}

@Comment{jabref-meta: databaseType:bibtex;}
